@misc{geloso2020making,
  title={Making sense of dictatorships and health outcomes},
  author={Geloso, Vincent and Berdine, Gilbert and Powell, Benjamin},
  year={2020},
  publisher={BMJ Specialist Journals},
  url={https://gh.bmj.com/content/bmjgh/5/5/e002542.full.pdf},
}

@article{evans2008thomas,
  title={Thomas McKeown, meet Fidel Castro: Physicians, population health and the Cuban paradox},
  author={Evans, Robert G},
  journal={Healthcare Policy},
  volume={3},
  number={4},
  pages={21},
  year={2008},
  publisher={Longwoods Publishing},
  url={https://www.ncbi.nlm.nih.gov/pmc/articles/PMC2645168/pdf/policy-03-021.pdf},
}

@article{hultman2017successful,
  title={Successful or counterproductive coercion? The effect of international sanctions on conflict intensity},
  author={Hultman, Lisa and Peksen, Dursun},
  journal={Journal of Conflict Resolution},
  volume={61},
  number={6},
  pages={1315--1339},
  year={2017},
  publisher={SAGE Publications Sage CA: Los Angeles, CA},
  url={https://journals.sagepub.com/doi/pdf/10.1177/0022002715603453?casa_token=gTLqQoFjlnAAAAAA:rHvyaSH9lRC-Xdzcd32c9q3NhZhfzFYgdjazIJX_pgGiVczJcnTSEjA5Y9kconjTTTxadBgghzp_},
}

@article{escriba2010dealing,
  title={Dealing with tyranny: International sanctions and the survival of authoritarian rulers},
  author={Escrib{\`a}-Folch, Abel and Wright, Joseph},
  journal={International studies quarterly},
  volume={54},
  number={2},
  pages={335--359},
  year={2010},
  publisher={Blackwell Publishing Ltd Oxford, UK},
  url={https://academic.oup.com/isq/article/54/2/335/1794854?casa_token=Zxu4lsZ50D0AAAAA:F7OTTednnRxM28aF958jam1_le3MaQ1rKx8x-VLU3XsVJuiR-CjsYM7icEmgvPN2ljuufiuqBvRC},
}
