@book{przeworski2019crises,
  title={Crises of democracy},
  author={Przeworski, Adam},
  year={2019},
  publisher={Cambridge University Press}
},
