@book{hippel2016banning,
  title={Banning the production of highly enriched uranium},
  author={Von Hippel, Frank},
  year={2016},
  publisher={International Panel on Fissile Materials, Princeton},
  url={https://fissilematerials.org/library/rr15.pdf},
}

@article{philippe2014safeguarding,
  title={Safeguarding the Military Naval Nuclear Fuel Cycle},
  author={Philippe, S{\'e}bastien},
  journal={Journal of Nuclear Materials Management},
  volume={42},
  number={3},
  pages={40--52},
  year={2014},
  url={https://scholar.princeton.edu/sites/default/files/sp6/files/jnmm-philippe-2014.pdf},
}

@article{costa2017brazil,
  title={Brazilâ€™s Nuclear Submarine: A Broader Approach to the Safeguards Issue},
  author={Costa, Eugenio Pacelli Lazzarotti Diniz},
  journal={Revista Brasileira de Pol{\'\i}tica Internacional},
  volume={60},
  year={2017},
  publisher={SciELO Brasil},
  url={https://www.scielo.br/j/rbpi/a/rLVkKjYYn3KgBnwb5kcxZbz/abstract/?lang=en},
}
