@article{andreucci2018populism,
  title={Populism, hegemony, and the politics of natural resource extraction in Evo Morales's Bolivia},
  author={Andreucci, Diego},
  journal={Antipode},
  volume={50},
  number={4},
  pages={825--845},
  year={2018},
  publisher={Wiley Online Library},
  url={https://onlinelibrary.wiley.com/doi/pdf/10.1111/anti.12373}
}

@article{andreucci2019populism,
      title={Populism, emancipation, and environmental governance: Insights from Bolivia},
  author={Andreucci, Diego},
  journal={Annals of the American Association of Geographers},
  volume={109},
  number={2},
  pages={624--633},
  year={2019},
  publisher={Taylor \& Francis},
  url={https://www.tandfonline.com/doi/pdf/10.1080/24694452.2018.1506696}
}

@article{barr2003persistence,
  title={The persistence of neopopulism in Peru? From Fujimori to Toledo},
  author={Barr, Robert R},
  journal={Third World Quarterly},
  volume={24},
  number={6},
  pages={1161--1178},
  year={2003},
  publisher={Taylor \& Francis},
  url={https://www.jstor.org/stable/pdf/3993448.pdf},
}

@article{brienen2016populism,
  title={A populism of indignities: Bolivian populism under Evo Morales},
  author={Brienen, Marten},
  journal={The Brown Journal of World Affairs},
  volume={23},
  number={1},
  pages={77--93},
  year={2016},
  publisher={JSTOR},
  url={https://www.jstor.org/stable/pdf/26534711.pdf}
}

@article{campos2019populism,
  title={Populism in Latin America: past, present, and future},
  author={Campos-Herrera, Germ{\'a}n and De Reguero, Sebasti{\'a}n Umpierrez},
  journal={Latin American Politics and Society},
  volume={61},
  number={1},
  pages={148--159},
  year={2019},
  publisher={Cambridge University Press},
  url={https://www.cambridge.org/core/services/aop-cambridge-core/content/view/6ED9B0F62066F7AD01C20C6A55391B88/S1531426X18000638a.pdf/div-class-title-populism-in-latin-america-past-present-and-future-div.pdf}
}

@article{collins2014new,
  title={New left experiences in Bolivia and Ecuador and the challenge to theories of populism},
  author={Collins, Jennifer N},
  journal={Journal of Latin American Studies},
  volume={46},
  number={1},
  pages={59--86},
  year={2014},
  publisher={Cambridge University Press},
    url={https://www.cambridge.org/core/services/aop-cambridge-core/content/view/D9E435753D27E131E72A07F036C49B89/S0022216X13001569a.pdf/new-left-experiences-in-bolivia-and-ecuador-and-the-challenge-to-theories-of-populism.pdf},
}

@book{jansen2009populist,
  title={Populist mobilization: Peru in historical and comparative perspective},
  author={Jansen, Robert Scott},
  year={2009},
  publisher={University of California, Los Angeles},
  url={https://www.proquest.com/docview/304854651?pq-origsite=gscholar&fromopenview=true}
}

@article{levitsky2013populism,
  title={Populism and competitive authoritarianism in the Andes},
  author={Levitsky, Steven and Loxton, James},
  journal={Democratization},
  volume={20},
  number={1},
  pages={107--136},
  year={2013},
  publisher={Taylor \& Francis},
  url={https://www.tandfonline.com/doi/abs/10.1080/13510347.2013.738864},
}

@article{madrid2008rise,
  title={The rise of ethnopopulism in Latin America},
  author={Madrid, Ra{\'u}l L},
  journal={World Politics},
  volume={60},
  number={3},
  pages={475--508},
  year={2008},
  publisher={Cambridge University Press}
}

@article{mazzuca2013rise,
  title={The rise of rentier populism},
  author={Mazzuca, Sebasti{\'a}n L},
  journal={J. Democracy},
  volume={24},
  pages={108},
  year={2013},
  publisher={HeinOnline}
}

@article{quevedo2023populism,
  title={Populism on the Web: Presidential Elections in Bolivia, Ecuador, Peru, and Colombia (2020--2022)},
  author={Quevedo-Stuva, Maria-Ines and Tovar-Gil, Gloria and Mila-Maldonado, Andrea},
  journal={Societies},
  volume={13},
  number={3},
  pages={58},
  year={2023},
  publisher={MDPI},
  url={https://doaj.org/article/bb5236f3d2da45f8ba572673efa31ea1}
}

@article{roberts1995neoliberalism,
  title={Neoliberalism and the transformation of populism in Latin America: The Peruvian case},
  author={Roberts, Kenneth M},
  journal={World politics},
  volume={48},
  number={1},
  pages={82--116},
  year={1995},
  publisher={Cambridge University Press},
  url={https://heinonline.org/HOL/Page?handle=hein.journals/wpot48&div=7&g_sent=1&casa_token=&collection=journals},
}

@article{roberts2007latin,
  title={Latin America's populist revival},
  author={Roberts, Kenneth M},
  journal={The SAIS review of international affairs},
  volume={27},
  number={1},
  pages={3--15},
  year={2007},
  publisher={JSTOR},
  url={https://www.jstor.org/stable/pdf/26999339.pdf}
}

@article{rooduijn2019state,
  title={State of the field: How to study populism and adjacent topics? A plea for both more and less focus},
  author={Rooduijn, Matthijs},
  journal={European Journal of Political Research},
  volume={58},
  number={1},
  pages={362--372},
  year={2019},
  publisher={Wiley Online Library},
  url={https://web.s.ebscohost.com/ehost/pdfviewer/pdfviewer?vid=0&sid=649f1e06-adae-4823-82db-4d29476a1df1%40redis}
}

@book{sanchez2022democracy,
  title={Democracy Without Parties in Peru: The Politics of Uncertainty and Decay},
  author={Sanchez-Sibony, Omar},
  year={2022},
  publisher={Springer Nature}
}


@article{weyland1996neopopulism,
  title={Neopopulism and neoliberalism in Latin America: Unexpected affinities},
  author={Weyland, Kurt},
  journal={Studies in comparative international development},
  volume={31},
  pages={3--31},
  year={1996},
  publisher={Springer}
}

@article{weyland1999neoliberal,
  title={Neoliberal populism in Latin America and eastern Europe},
  author={Weyland, Kurt},
  journal={Comparative politics},
  pages={379--401},
  year={1999},
  publisher={JSTOR}
  url={https://www.jstor.org/stable/pdf/422236.pdf}
}

@article{weyland2001clarifying,
  title={Clarifying a contested concept: Populism in the study of Latin American politics},
  author={Weyland, Kurt},
  journal={Comparative politics},
  pages={1--22},
  year={2001},
  publisher={JSTOR},
  url={https://www.jstor.org/stable/422412},
}

@article{weyland2003latin,
  title={Latin American Neopopulism},
  author={Weyland, Kurt},
  journal={Third World Quarterly},
  volume={24},
  number={6},
  pages={1095--1115},
  year={2003},
  publisher={Taylor \& Francis}
}

@article{weyland2017political,
  title={A political-strategic approach},
  author={Weyland, Kurt},
  journal={The Oxford handbook of populism},
  pages={48--72},
  year={2017},
  publisher={Oxford University Press},
}
