@article{farsakh2011one,
    title={The one-state solution and the Israeli-Palestinian conflict: Palestinian challenges and prospects},
    author={Farsakh, Leila},
    journal={The Middle East Journal},
    volume={65},
    number={1},
    pages={55--71},
    year={2011},
    publisher={Middle East Institute},
    url={https://www.jstor.org/stable/pdf/23012093.pdf?casa_token=DSKXZ3fRZkEAAAAA:hPxhNR_2h79ro64b_NpZi0phZhjmJQg7GD3iHVtG45QO5IBVYVZypaQZ7dDfjGIKkK52rW8_63CNnfl2RClPoER2OH78ual6fmXNF2vm3uD9yUE8NFY},
}

@article{gordon2012western,
    title={Western interests, Israeli unilateralism, and the two-state solution},
    author={Gordon, Neve and Cohen, Yinon},
    journal={Journal of Palestine Studies},
    volume={41},
    number={3},
    pages={6--18},
    year={2012},
    publisher={Taylor \& Francis},
    url={https://www.tandfonline.com/doi/pdf/10.1525/jps.2012.XLI.3.6?casa_token=XuxbIdItrLwAAAAA:Y4MWSfLnDTPk49f9aYF9bSisjEi_1lJuQ5GW2dllKXN-lZV3xCch-kU7zWlY4T8XIZskt5vLVpQF}
}

@article{munayyer2019there,
    title={There Will Be a One-State Solution},
    author={Munayyer, Yousef},
    journal={Foreign Aff.},
    volume={98},
    pages={30},
    year={2019},
    publisher={HeinOnline},
    url={https://heinonline.org/hol-cgi-bin/get_pdf.cgi?handle=hein.journals/fora98&section=123&casa_token=di68bsI-3vIAAAAA:pm08BS-vRgvca532P69PT14aqgs8CfnDMnv-jiI5J-wYaexnh5U8F7oTPELEtG-vkFdPTRGY},
}

@article{scheindlin2016confederalism,
    title={Confederalism: A third way for Israel--Palestine},
    author={Scheindlin, Dahlia and Waxman, Dov},
    journal={The Washington Quarterly},
    volume={39},
    number={1},
    pages={83--94},
    year={2016},
    publisher={Taylor \& Francis},
    url={https://www.tandfonline.com/doi/full/10.1080/0163660X.2016.1170482?casa_token=yj4WR8jiLEcAAAAA:SgaLJ3RuQS-_8phrESuQdpuhpzMS2lO_3TAZyKMfurWpdMvgnUFJlHIKeHBFvB0qg332lhMrztr6},
}

@article{omalley2017israel,
    title={Israel and Palestine: The demise of the two-state solution},
    author={Oâ€™Malley, Padraig},
    journal={New England Journal of Public Policy},
    volume={29},
    number={1},
    pages={12},
    year={2017},
    url={https://scholarworks.umb.edu/cgi/viewcontent.cgi?article=1711&context=nejpp},
}

@article{kear2022wasatiyyah,
    title={Wasatiyyah and Hamas's modulating positions on the two-state solution and Israel: finding the middle path},
    author={Kear, Martin},
    journal={Australian Journal of International Affairs},
    volume={76},
    number={1},
    pages={57--75},
    year={2022},
    publisher={Taylor \& Francis},
    url={https://www.tandfonline.com/doi/pdf/10.1080/10357718.2021.1926421?casa_token=Kf9_Llc4KrYAAAAA:Q5C1Rjd9gKbK_EY3DOcA73BJWNT3gMwP3HqGvPyx-lDPNIzydGQ8PT-MFi4B-jKGgtHak19-UgPn},
}

@book{lustick2019paradigm,
    title={Paradigm lost: From two-state solution to one-state reality},
    author={Lustick, Ian S},
    year={2019},
    publisher={University of Pennsylvania Press},
}

@article{kelman2018onetwo,
    title={13 A one-country/two-state solution to the Israeli--Palestinian conflict},
    author={Kelman, Herbert C},
    journal={Transforming the Israeli-Palestinian Conflict: From Mutual Negation to Reconciliation},
    year={2018},
    publisher={Routledge},
    url={https://scholar.harvard.edu/files/hckelman/files/one_country_two_state_solution.pdf},
}

@book{smith1988palestine,
    title={Palestine and the Arab-Israeli conflict},
    author={Smith, Charles D},
    year={1988},
    publisher={New York: St. Martin's}
}

@book{caplan1978question,
    Author = {Caplan, Neil},
    ISBN = {0714631108},
    Publisher = {F. Cass},
    Title = {Palestine Jewry and the Arab question, 1917-1925.},
    URL = {https://ezproxy.mtsu.edu/login?url=https://search.ebscohost.com/login.aspx?direct=true&db=cat08646a&AN=mtsu.2529a182.0edf.4b1f.9a83.dc86ef6dca31&site=eds-live&scope=site},
    Year = {1978},
}

