@book{hippel2016banning,
  title={Banning the production of highly enriched uranium},
  author={von Hippel, Frank},
  year={2016},
  publisher={International Panel on Fissile Materials, Princeton},
  url={https://fissilematerials.org/library/rr15.pdf},
}

@article{philippe2014safeguarding,
  title={Safeguarding the Military Naval Nuclear Fuel Cycle},
  author={Philippe, S{\'e}bastien},
  journal={Journal of Nuclear Materials Management},
  volume={42},
  number={3},
  pages={40--52},
  year={2014},
  url={https://scholar.princeton.edu/sites/default/files/sp6/files/jnmm-philippe-2014.pdf},
}

@article{costa2017brazil,
  title={Brazil’s Nuclear Submarine: A Broader Approach to the Safeguards Issue},
  author={Costa, Eugenio Pacelli Lazzarotti Diniz},
  journal={Revista Brasileira de Pol{\'\i}tica Internacional},
  volume={60},
  year={2017},
  publisher={SciELO Brasil},
  url={https://www.scielo.br/j/rbpi/a/rLVkKjYYn3KgBnwb5kcxZbz/abstract/?lang=en},
}

@article{tsuruoka2021aukus,
  title={AUKUS, Japan and the Indo-Pacific: strategic rationales and challenges},
  author={Tsuruoka, Michito},
  year={2021},
  publisher={European University Institute},
  url={https://cadmus.eui.eu/bitstream/handle/1814/72960/QM-AX-21-051-EN-N.pdf}
}

@article{perot2021aukus,
  title={The AUKUS agreement, what repercussions for the European Union?},
  author={Perot, Elie},
  year={2021},
  url={https://cadmus.eui.eu/bitstream/handle/1814/72960/QM-AX-21-051-EN-N.pdf}
}


@article{moltz1998closing,
  title={Closing the npt loophole on exports of naval propulsion reactors},
  author={Moltz, James Clay},
  journal={The Nonproliferation Review},
  volume={6},
  number={1},
  pages={108--114},
  year={1998},
  publisher={Taylor \& Francis},
  url={https://www.tandfonline.com/doi/pdf/10.1080/10736709808436740}
}
@article{kaplow2015canary,
  title={The Canary in the Nuclear Submarine: Assessing the Nonproliferation Risk of the Naval Nuclear Propulsion Loophole},
  author={Kaplow, Jeffrey},
  journal={The Nonproliferation Review},
  volume={22},
  number={2},
  pages={185--202},
  year={2015},
  publisher={Taylor \& Francis},
  url={https://www.tandfonline.com/doi/pdf/10.1080/10736700.2015.1116767}
}

@misc{bulletin2021civil,
  title={Australian-UK-US nuclear submarine deal exposes civilian-military links},
  url={https://thebulletin.org/2021/11/australian-uk-us-nuclear-submarine-deal-exposes-civilian-military-links/},
  author={Stirling, Andy and Johnstone, Phil},
  year={2021},
  month={November},
  day={9},
  publisher={Bulletin of the Atomic Scientists}
}

@misc{stewart2021bulletin,
  title={The Australian submarine agreement: Turning nuclear cooperation upside down},
  url={https://thebulletin.org/2021/09/the-australian-submarine-agreement-turning-nuclear-cooperation-upside-down/},
  author={Stewart, Ian J.},
  year={2021},
  month={Sepetember},
  day={17},
  publisher={Bulletin of the Atomic Scientists}
}

@article{findlay2021not,
  title={Not Necessarily a Sure or a Good Thing},
  author={Findlay, Trevor},
  journal={Arms Control Today},
  volume={51},
  number={9},
  pages={6--9},
  year={2021},
  publisher={Arms Control Association},
  url={https://cms.apln.network/wp-content/uploads/2021/11/ACT_Nov2021_feature_Findlay.pdf},
}
@article{findlay2021not,
  title={Not Necessarily a Sure or a Good Thing},
  author={Findlay, Trevor},
  journal={Arms Control Today},
  volume={51},
  number={9},
  pages={6--9},
  year={2021},
  publisher={Arms Control Association},
  url={https://cms.apln.network/wp-content/uploads/2021/11/ACT_Nov2021_feature_Findlay.pdf},
}

@misc{rockwood2017,
  title={Naval Nuclear Propulsion and IAEA Safeguards},
  author={Rockwood, Laura},
  year={2016},
  month={August},
  publisher={Federation of American Scientists Issue Brief},
  url={https://uploads.fas.org/media/Naval-Nuclear-Propulsion-and-IAEA-Safeguards.pdf},
}

@misc{carlson2021aukus,
  title={IAEA Safeguards, the Naval “Loophole” and the AUKUS Proposal},
  author={Carlson, John},
  year={2021},
  month={October},
  publisher={Vienna Center for Disarmament and Non-Proliferation},
  url={https://vcdnp.org/wp-content/uploads/2021/10/Safeguards-and-naval-fuel-JC-211008.pdf},
}
