@article{ma2001ending,
  title={Ending the production of highly enriched uranium for naval reactors},
  author={Ma, Chunyan and Von Hippel, Frank},
  journal={The Nonproliferation Review},
  volume={8},
  number={1},
  pages={86--101},
  year={2001},
  publisher={Taylor \& Francis}
}
