@misc{geloso2020making,
  title={Making sense of dictatorships and health outcomes},
  author={Geloso, Vincent and Berdine, Gilbert and Powell, Benjamin},
  year={2020},
  publisher={BMJ Specialist Journals},
  url={https://gh.bmj.com/content/bmjgh/5/5/e002542.full.pdf},
}

@article{evans2008thomas,
  title={Thomas McKeown, meet Fidel Castro: Physicians, population health and the Cuban paradox},
  author={Evans, Robert G},
  journal={Healthcare Policy},
  volume={3},
  number={4},
  pages={21},
  year={2008},
  publisher={Longwoods Publishing},
  url={https://www.ncbi.nlm.nih.gov/pmc/articles/PMC2645168/pdf/policy-03-021.pdf},
}

@article{hultman2017successful,
  title={Successful or counterproductive coercion? The effect of international sanctions on conflict intensity},
  author={Hultman, Lisa and Peksen, Dursun},
  journal={Journal of Conflict Resolution},
  volume={61},
  number={6},
  pages={1315--1339},
  year={2017},
  publisher={SAGE Publications Sage CA: Los Angeles, CA},
  url={https://journals.sagepub.com/doi/pdf/10.1177/0022002715603453?casa_token=gTLqQoFjlnAAAAAA:rHvyaSH9lRC-Xdzcd32c9q3NhZhfzFYgdjazIJX_pgGiVczJcnTSEjA5Y9kconjTTTxadBgghzp_},
}

@article{escriba2010dealing,
  title={Dealing with tyranny: International sanctions and the survival of authoritarian rulers},
  author={Escrib{\`a}-Folch, Abel and Wright, Joseph},
  journal={International studies quarterly},
  volume={54},
  number={2},
  pages={335--359},
  year={2010},
  publisher={Blackwell Publishing Ltd Oxford, UK},
  url={https://academic.oup.com/isq/article/54/2/335/1794854?casa_token=Zxu4lsZ50D0AAAAA:F7OTTednnRxM28aF958jam1_le3MaQ1rKx8x-VLU3XsVJuiR-CjsYM7icEmgvPN2ljuufiuqBvRC},
}

@article{grenier20182018,
  title={2018 FIU Cuba Poll: How Cuban Americans in Miami View US Policies Toward Cuba},
  author={Grenier, Guillermo J and others},
  year={2018},
  publisher={Florida International University},
  url={https://digitalcommons.fiu.edu/cgi/viewcontent.cgi?article=1010&context=cuba_poll},
}

@article{symbolic2010girard,
  author={Girard,Chris and Grenier,Guillermo J. and Gladwin,Hugh},
  year={2010},
  month={Spring},
  title={The declining symbolic significance of the embargo for South Florida's Cuban Americans},
  journal={Latino Studies},
  volume={8},
  number={1},
  pages={4-22},
  isbn={14763435},
  language={English},
  url={https://ezproxy.mtsu.edu/login?url=https://www.proquest.com/scholarly-journals/declining-symbolic-significance-embargo-south/docview/222607307/se-2?accountid=4886},
}

@misc{krogstad_2021,
 title={Most Cuban American voters identify as Republican in 2020},
 url={https://www.pewresearch.org/fact-tank/2020/10/02/most-cuban-american-voters-identify-as-republican-in-2020/},
 journal={Pew Research Center},
 publisher={Pew Research Center},
 author={Krogstad, Jens Manuel},
 year={2021},
 month={Apr}
}

@misc{noe-bustamante2019pew,
  url={https://www.pewresearch.org/hispanic/fact-sheet/u-s-hispanics-facts-on-cuban-origin-latinos/},
  title={Facts on Hispanics of Cuban origin in the United States, 2017},
  author={Luis Noe-Bustamante, and Flores,Antonia and Shah,Sono },
  year={2019},
  publisher={Pew Research Center},
  month={Sep},
  journal={Pew Research Center},
}

@misc{acosta_marsh_2018,
  title={U.S. trade embargo has cost Cuba $130 billion, U.N. says},
  url={https://www.reuters.com/article/us-cuba-economy-un-idUSKBN1IA00T},
  journal={Reuters},
  publisher={Thomson Reuters},
  author={Acosta, Nelson and Marsh, Sarah},
  editor={Osterman, CynthiaEditor},
  year={2018},
  month={May},
}

@misc{worldbankcuba,
  title={GDP (Current USD) - Cuba},
  url={https://data.worldbank.org/indicator/NY.GDP.MKTP.CD?locations=CU},
  publisher={World Bank},
  urldate= {2021-12-2}
}

@misc{usagro,
  title={Cuba’s Food \& Agriculture Situation Report},
  url={https://web.archive.org/web/20130312234248/http://www.fas.usda.gov/itp/cuba/CubaSituation0308.pdf},
  publisher={US Department of Agriculture},
  date={2008},
  author={Office of Global Analysis}
}

@article{un29condemn,
  title={UN General Assembly calls for US to end Cuba embargo for 29th consecutive year},
  publisher={United Nations},
  url={https://news.un.org/en/story/2021/06/1094612},
}

@article{crossette1995iraq,
  title={Iraq sanctions kill children, UN reports},
  author={Crossette, Barbara},
  journal={The New York Times},
  volume={1},
  year={1995},
  url={http://www.aldeilis.net/terror/1873.pdf}
}

@article{samson2008soviets,
 ISSN = {17336716, 23916737},
 URL = {http://www.jstor.org/stable/24919326},
 author = {Anna Samson},
 journal = {Politeja},
 number = {10/2},
 pages = {89--108},
 publisher = {Księgarnia Akademicka},
 title = {A History of the Soviet-Cuban Alliance (1960-1991)},
 year = {2008}
}

@book{von2011red,
  title={Red Heat: Conspiracy, Murder, and the Cold War in the Caribbean},
  author={Von Tunzelmann, Alex},
  year={2011},
  publisher={Random House Digital, Inc.}
}

@article{perez2009cuban,
  title={Cuban GDP statistics under the Special Period: Discontinuities, obfuscation, and puzzles},
  author={Pérez-López, Jorge and Mesa-Lago, Carmelo et al.},
  journal={Cuba in transition},
  volume={19},
  pages={153--167},
  year={2009},
  publisher={Association for the Study of the Cuban Economy Washington},
  url={http://www.ascecuba.org/c/wp-content/uploads/2014/09/v19-perezlopezmesalago.pdf},
}
